<?xml version="1.0" encoding="UTF-8"?><collection xmlns="http://www.loc.gov/MARC21/slim"><record><leader>00436nam--2200145-i-4500</leader><controlfield tag="001">000014068</controlfield><controlfield tag="002">20161230</controlfield><controlfield tag="005">20161230201030</controlfield><controlfield tag="008">060222s1000------------r-----000-0-eng-d</controlfield><datafield ind1=" " ind2=" " tag="080"><subfield code="a">517.969.4(043)</subfield></datafield><datafield ind1=" " ind2=" " tag="100"><subfield code="a">Abdelhaq, Jamali</subfield></datafield><datafield ind1=" " ind2=" " tag="245"><subfield code="a">Equations de hammerstein generalises a noyau non linear. these</subfield></datafield><datafield ind1=" " ind2=" " tag="260"><subfield code="a">Besanson, Faculte De Sciences Et Des Tech- Niques, 1979 83 P</subfield></datafield><datafield ind1=" " ind2=" " tag="852"><subfield code="a">49616</subfield><subfield code="c">517.9</subfield></datafield><datafield ind1=" " ind2=" " tag="CAT"><subfield code="a">Sys</subfield><subfield code="c">20090325</subfield><subfield code="h">120824</subfield></datafield></record></collection>